(regular API reference, 2022